@Manual{mango,
	TITLE = {Analyzing coverage of {R} unit tests in packages â€“ the {testCoverage} package},
	AUTHOR = {Andy Nicholls},
	YEAR = {2015},
	URL = {http://www.mango-solutions.com/wp/2014/11/analyzing-coverage-of-r-unit-tests-in-packages-the-testcoverage-package/}
}
@BOOK{r-pkgs,
	TITLE = {R Packages},
	SUBTITLE = {Organize, Test, Document, and Share Your Code},
	AUTHOR = {Hadley Wickham},
	YEAR = {2015}, % I looked it up
	PUBLISHER = {{O'Reilly}}
}
@Manual{covr,
	TITLE = {covr: Test Coverage for Packages},
	AUTHOR = {Jim Hester},
	YEAR = {2017},
	NOTE = {R package version 2.2.2},
	URL = {https://CRAN.R-project.org/package=covr}
}
@Article{testthat,
	AUTHOR = {Hadley Wickham},
	TITLE = {testthat: Get Started with Testing},
	journal = {The R Journal},
	YEAR = {2011},
	volume = {3},
	pages = {5--10},
	URL = {http://journal.r-project.org/archive/2011-1/RJournal_2011-1_Wickham.pdf}
}
@Manual{stringr,
	TITLE = {stringr: Simple, Consistent Wrappers for Common String Operations},
	AUTHOR = {Hadley Wickham},
	YEAR = {2017},
	NOTE = {R package version 1.2.0},
	URL = {https://CRAN.R-project.org/package=stringr}
}
@Manual{exampletestr,
	TITLE = {exampletestr: Help for Writing Unit Tests Based on Function Examples},
	AUTHOR = {Rory Nolan},
	YEAR = {2017},
	NOTE = {R package version 0.4.0},
	URL = {https://CRAN.R-project.org/package=exampletestr}
}
@Article{bioc,
	AUTHOR = {{Huber} and {W.} and others},
	TITLE = {{O}rchestrating high-throughput genomic analysis with {B}ioconductor},
	journal = {Nature Methods},
	YEAR = {2015},
	volume = {12},
	number = {2},
	pages = {115--121},
	doi = {10.1038/nmeth.3252}
}
@Manual{RUnit,
	TITLE = {RUnit: R Unit Test Framework},
	AUTHOR = {Matthias Burger and Klaus Juenemann and Thomas Koenig},
	YEAR = {2015},
	NOTE = {R package version 0.4.31},
	URL = {https://CRAN.R-project.org/package=RUnit}
}
@Manual{unitizer,
	TITLE = {unitizer: Interactive R Unit Tests},
	AUTHOR = {Brodie Gaslam},
	YEAR = {2017},
	NOTE = {R package version 1.4.2},
	URL = {https://CRAN.R-project.org/package=unitizer}
}
@Manual{svUnit,
	TITLE = {SciViews-R: A GUI API for R},
	AUTHOR = {Philippe Grosjean},
	ORGANIZATION = {UMONS},
	ADDRESS = {MONS, Belgium},
	YEAR = {2017},
	URL = {http://www.sciviews.org/SciViews-R}
}
